@article{McInnes2017,
  doi = {10.21105/joss.00205},
  url = {https://doi.org/10.21105%2Fjoss.00205},
  year  = {2017},
  month = {mar},
  publisher = {The Open Journal},
  volume = {2},
  number = {11},
  author = {Leland McInnes and John Healy and Steve Astels},
  title = {hdbscan: Hierarchical density based clustering},
  journal = {The Journal of Open Source Software}
}
